@book{baardsen2005econometrics,
      title={The econometrics of macroeconomic modelling},
      author={B{\aa}rdsen, Gunnar and Eitrheim, {\O}yvind and Jansen, Eilev S and Nymoen, Ragnar},
      year={2005},
      publisher={Oxford University Press Oxford}
}

@article{coenen2001demand,
  title={The demand for M3 in the euro area},
  author={Coenen, G{\"u}nter and Vega, J-L},
  journal={Journal of Applied Econometrics},
  volume={16},
  number={6},
  pages={727--748},
  year={2001},
  publisher={Wiley Online Library}
}
